@article{terdiman,
    author  = {Pierre Terdiman},
    title   = {{Radix Sort Revisited}},
    year    = {2000},
    url     = {http://codercorner.com/RadixSortRevisited.htm},
    urldate = {2023-01-11}
}

@article{michael,
    author  = {Michael Herf},
    title   = {Radix Tricks},
    year    = {2001},
    url     = {http://stereopsis.com/radix.html},
    urldate = {2023-01-11}
}

@article{avxguide,
    author  = {Matt Scarpino},
    title   = {{Crunching Numbers with AVX and AVX2}},
    year    = {2016},
    url     = {https://www.codeproject.com/articles/874396/crunching-numbers-with-avx-and-avx},
    urldate = {2023-01-8}
}

@article{goroutinesize,
    author  = {tpaschalis},
    title   = {{What is a goroutine? What is their size?}},
    year    = {2020},
    url     = {https://tpaschalis.me/goroutines-size/},
    urldate = {2023-01-7}
}

@online{sortieralgorithmenwikipedia,
    title   = {{Sortierverfahren}},
    year    = {2022},
    url     = {https://de.wikipedia.org/wiki/Sortierverfahren},
    urldate = {2023-01-11}
}

@online{intelavxdocs,
    title = {{Intel AVX2 Dokumentation}},
    year  = {2023},
    url   = {https://www.intel.com/content/www/us/en/develop/documentation/cpp-compiler-developer-guide-and-reference/top/compiler-reference/intrinsics/intrinsics-for-avx2/intrinsics-for-shuffle-operations-1/mm256-shuffle-epi8.html}
}

@online{cythondocs,
    title = {{Cython Tutorial}},
    year  = {2023},
    url   = {http://docs.cython.org/en/latest/src/tutorial/cython_tutorial.html},
    date  = {2023-01-13}
}

@online{cythondocsnumpy,
    title = {{Cython mit Numpy}},
    year  = {2023},
    url   = {http://docs.cython.org/en/latest/src/tutorial/numpy.html},
    date  = {2023-01-13}
}

@online{stackoverflow,
    title = {{Stackoverflow}},
    year  = {2023},
    url   = {https://stackoverflow.com/}
}

@online{godeeprecursions,
    title = {{Go stack limit reached on deep Recursion}},
    year  = {2023},
    url   = {https://stackoverflow.com/questions/69625277/runtime-goroutine-stack-exceeds-1000000000-byte-limit}
}

@online{pythonsource,
    title = {{Python Source}},
    year  = {2023},
    url   = {https://www.python.org/downloads/source/}
}

@online{quicksortwikipedia,
    title   = {{Hoare Quicksort}},
    year    = {2023},
    url     = {https://en.wikipedia.org/wiki/Quicksort},
    urldate = {2023-01-13}
}

@online{stopythonvscpp,
    title   = {{Is Python faster than C++?}},
    year    = {2016},
    url     = {https://stackoverflow.com/questions/801657/is-python-faster-and-lighter-than-c},
    urldate = {2023-01-13}
}

@article{pyengineeringvscpp,
    author  = {Michael Zippo},
    title   = {{Python vs C++ speed comparison}},
    year    = {2022},
    url     = {https://python.engineering/python-vs-c-speed-comparison/},
    urldate = {2023-01-13}
}

@online{pythonvscppforum,
    title   = {{Performance-Unterschiede C++ vs Python und C vs Python}},
    year    = {2014},
    url     = {https://www.c-plusplus.net/forum/topic/327950/performance-unterschiede-c-vs-python-und-c-vs-python},
    urldate = {2023-01-13}
}

@online{quorepythonvscpp,
    title   = {{How fast is C++ compared to Python?}},
    year    = {2018},
    url     = {https://www.quora.com/How-fast-is-C-compared-to-Python-4?share=1},
    urldate = {2023-01-13}
}

@online{cythonctypes,
    author  = {Jim Anderson},
    title   = {{Python Bindings: Calling C or C++ from Python}},
    year    = {2019},
    url     = {https://realpython.com/python-bindings-overview/},
    urldate = {2023-01-13}
}